@misc{Rezk,
  author       = {Rezk, Charles},
  title        = {Introduction to Quasicategories}, 
  url = {https://people.math.rochester.edu/faculty/doug/otherpapers/Rezk-quasicats-intro.pdf}
}

@Book{Riehl,
 Author = {Riehl, Emily},
 Title = {Category theory in context},
 ISBN = {978-0-486-80903-8},
 Year = {2016},
 Publisher = {Mineola, NY: Dover Publications},
 Language = {English},
 Keywords = {18-01,18A05,18A15,01A75},
 zbMATH = {6649061},
 Zbl = {1348.18001}
}

@misc{kerodon,
  author       = {Jacob Lurie},
  title        = {Kerodon},
  howpublished = {\url{https://kerodon.net}},
  year         = {2023},
}

@misc{stacks-project,
  author       = {The {Stacks project authors}},
  title        = {The Stacks project},
  howpublished = {\url{https://stacks.math.columbia.edu}},
  year         = {2023},
}

@misc{Cisinski,
      title={The universal coCartesian fibration}, 
      author={Denis-Charles Cisinski and Hoang Kim Nguyen},
      year={2022},
      eprint={2210.08945},
      archivePrefix={arXiv},
      primaryClass={math.CT}
}

@Book{LurieHTT,
 Author = {Lurie, Jacob},
 Title = {Higher topos theory},
 FSeries = {Annals of Mathematics Studies},
 Series = {Ann. Math. Stud.},
 Volume = {170},
 ISBN = {978-0-691-14049-0; 978-0-691-14048-3},
 Year = {2009},
 Publisher = {Princeton, NJ: Princeton University Press},
 Language = {English},
 DOI = {10.1515/9781400830558},
 Keywords = {18-02,18B25,18G30,18G55,18F20},
 zbMATH = {5497319},
 Zbl = {1175.18001}
}

@Book{Land,
 Author = {Land, Markus},
 Title = {Introduction to infinity-categories},
 FSeries = {Compact Textbooks in Mathematics},
 Series = {Compact Textb. Math.},
 ISSN = {2296-4568},
 ISBN = {978-3-030-61523-9; 978-3-030-61524-6},
 Year = {2021},
 Publisher = {Cham: Birkh{\"a}user},
 Language = {English},
 DOI = {10.1007/978-3-030-61524-6},
 Keywords = {18-01,18Nxx},
 zbMATH = {7332844},
 Zbl = {1471.18001}
}